%% This BibTeX bibliography file was created using BibDesk.
%% http://bibdesk.sourceforge.net/

%% Created for Rebecca Litauer at 2018-03-15 12:44:58 +0100 


%% Saved with string encoding Unicode (UTF-8) 


@comment{jabref-meta: databaseType:bibtex;}



@article{ess08,
	Author = {ESS8},
	Date-Added = {2018-03-13 14:09:10 +0000},
	Date-Modified = {2018-03-13 14:15:34 +0000},
	Journal = {Data file edition 1.0.NSD - Norwegian Centre for Research Data, Norway - Data Archive and distributor of ESS data for ESS ERIC.},
	Title = {European Social Survey Round 8 Data},
	Year = {2016}}

@article{buhl06,
	Author = {B{\"u}hlmann, Marc and Freitag, Markus},
	Date-Modified = {2018-03-10 14:26:25 +0000},
	Journal = {Swiss Political Science Review},
	Number = {4},
	Pages = {13--47},
	Publisher = {Wiley Online Library},
	Title = {Individual and contextual determinants of electoral participation},
	Volume = {12},
	Year = {2006}}

@misc{shineman2012isolating,
	Author = {Shineman, Victoria},
	Title = {Isolating the Effects of Electoral Participation on Political Efficacy and Political Trust},
	Year = {2012}}

@article{morrell2005deliberation,
	Author = {Morrell, Michael E},
	Journal = {Political Behavior},
	Number = {1},
	Pages = {49--69},
	Publisher = {Springer},
	Title = {Deliberation, democratic decision-making and internal political efficacy},
	Volume = {27},
	Year = {2005}}

@article{green2000habit,
	Author = {Green, Donald P and Shachar, Ron},
	Journal = {British Journal of Political Science},
	Number = {4},
	Pages = {561--573},
	Publisher = {Cambridge University Press},
	Title = {Habit formation and political behaviour: Evidence of consuetude in voter turnout},
	Volume = {30},
	Year = {2000}}

@article{arzheimer2006political,
	Author = {Arzheimer, Kai and Carter, Elisabeth},
	Journal = {European Journal of Political Research},
	Number = {3},
	Pages = {419--443},
	Publisher = {Wiley Online Library},
	Title = {Political opportunity structures and right-wing extremist party success},
	Volume = {45},
	Year = {2006}}

@book{art2011inside,
	Author = {Arter, David},
	Date-Modified = {2018-03-15 11:44:49 +0000},
	Publisher = {Cambridge University Press},
	Title = {Inside the radical right: The development of anti-immigrant parties in Western Europe},
	Year = {2011}}

@article{lubbers2002extreme,
	Author = {Lubbers, Marcel and Gijsberts, M{\'e}rove and Scheepers, Peer},
	Journal = {European Journal of Political Research},
	Number = {3},
	Pages = {345--378},
	Publisher = {Wiley Online Library},
	Title = {Extreme right-wing voting in Western Europe},
	Volume = {41},
	Year = {2002}}

@article{werts2013euro,
	Author = {Werts, Han and Scheepers, Peer and Lubbers, Marcel},
	Journal = {European Union Politics},
	Number = {2},
	Pages = {183--205},
	Publisher = {Sage Publications Sage UK: London, England},
	Title = {Euro-scepticism and radical right-wing voting in Europe, 2002--2008: Social cleavages, socio-political attitudes and contextual characteristics determining voting for the radical right},
	Volume = {14},
	Year = {2013}}

@article{ivarsflaten2008unites,
	Author = {Ivarsflaten, Elisabeth},
	Journal = {Comparative Political Studies},
	Number = {1},
	Pages = {3--23},
	Publisher = {Sage Publications Sage CA: Los Angeles, CA},
	Title = {What unites right-wing populists in Western Europe? Re-examining grievance mobilization models in seven successful cases},
	Volume = {41},
	Year = {2008}}

@article{oesch2008explaining,
	Author = {Oesch, Daniel},
	Journal = {International Political Science Review},
	Number = {3},
	Pages = {349--373},
	Publisher = {Sage Publications Sage UK: London, England},
	Title = {Explaining workers' support for right-wing populist parties in Western Europe: Evidence from Austria, Belgium, France, Norway, and Switzerland},
	Volume = {29},
	Year = {2008}}

@article{rooduijn2016expressing,
	Author = {Rooduijn, Matthijs and Van Der Brug, Wouter and De Lange, Sarah L},
	Journal = {Electoral Studies},
	Pages = {32--40},
	Publisher = {Elsevier},
	Title = {Expressing or fuelling discontent? The relationship between populist voting and political discontent},
	Volume = {43},
	Year = {2016}}

@article{spruyt2016supports,
	Author = {Spruyt, Bram and Keppens, Gil and Van Droogenbroeck, Filip},
	Journal = {Political Research Quarterly},
	Number = {2},
	Pages = {335--346},
	Publisher = {SAGE Publications Sage CA: Los Angeles, CA},
	Title = {Who supports populism and what attracts people to it?},
	Volume = {69},
	Year = {2016}}

@article{norris2005demonstrates,
	Author = {Norris, Pippa and Walgrave, Stefaan and Van Aelst, Peter},
	Journal = {Comparative politics},
	Pages = {189--205},
	Publisher = {JSTOR},
	Title = {Who demonstrates? Antistate rebels, conventional participants, or everyone?},
	Year = {2005}}

@article{mendelsohn2000effect,
	Author = {Mendelsohn, Matthew and Cutler, Fred},
	Journal = {British Journal of Political Science},
	Number = {4},
	Pages = {669--698},
	Publisher = {Cambridge University Press},
	Title = {The effect of referendums on democratic citizens: Information, politicization, efficacy and tolerance},
	Volume = {30},
	Year = {2000}}

@article{bale2010if,
	Author = {Bale, Tim and Green-Pedersen, Christoffer and Krouwel, Andr{\'e}A and Luther, Kurt Richard and Sitter, Nick},
	Journal = {Political studies},
	Number = {3},
	Pages = {410--426},
	Publisher = {SAGE Publications Sage UK: London, England},
	Title = {If you can't beat them, join them? Explaining social democratic responses to the challenge from the populist radical right in Western Europe},
	Volume = {58},
	Year = {2010}}

@article{lee2010perceptual,
	Author = {Lee, Francis LF},
	Journal = {International Journal of Public Opinion Research},
	Number = {3},
	Pages = {392--411},
	Publisher = {Oxford University Press},
	Title = {The perceptual bases of collective efficacy and protest participation: The case of pro-democracy protests in Hong Kong},
	Volume = {22},
	Year = {2010}}

@article{valentino2009efficacy,
	Author = {Valentino, Nicholas A and Gregorowicz, Krysha and Groenendyk, Eric W},
	Journal = {Political Behavior},
	Number = {3},
	Pages = {307},
	Publisher = {Springer},
	Title = {Efficacy, emotions and the habit of participation},
	Volume = {31},
	Year = {2009}}

@article{norris2006does,
	Author = {Norris, Pippa and Walgrave, Stefaan and Van Aelst, Peter},
	Journal = {Political Dissatisfaction in Contemporary Democracies},
	Pages = {279--309},
	Publisher = {Routledge London and New York},
	Title = {Does protest signify dissatisfaction? Demonstrators in a postindustrial democracy},
	Year = {2006}}

@article{anderson2006learning,
	Author = {Anderson, Christopher J and Mendes, Silvia M},
	Journal = {British Journal of Political Science},
	Number = {1},
	Pages = {91--111},
	Publisher = {Cambridge University Press},
	Title = {Learning to lose: Election outcomes, democratic experience and political protest potential},
	Volume = {36},
	Year = {2006}}

@article{grasso2016protest,
	Author = {Grasso, Maria T and Giugni, Marco},
	Journal = {European Journal of Political Research},
	Number = {4},
	Pages = {663--680},
	Publisher = {Wiley Online Library},
	Title = {Protest participation and economic crisis: The conditioning role of political opportunities},
	Volume = {55},
	Year = {2016}}

@book{mudde2017populism,
	Author = {Mudde, Cas and Kaltwasser, Crist{\'o}bal Rovira},
	Publisher = {Oxford University Press},
	Title = {Populism: A very short introduction},
	Year = {2017}}

@book{mudde2007populist,
	Author = {Mudde, Cas},
	Number = {8},
	Publisher = {Cambridge University Press Cambridge},
	Title = {Populist radical right parties in Europe},
	Volume = {22},
	Year = {2007}}

@article{taggart2000populism,
	Author = {Taggart, Paul},
	Journal = {Philadelphia: Open},
	Title = {Populism. Concepts in the social sciences},
	Year = {2000}}

@article{pelinka2013right,
	Author = {Pelinka, Anton},
	Journal = {Right-wing populism in Europe: politics and discourse},
	Pages = {3--22},
	Publisher = {Bloomsbury London},
	Title = {Right-wing populism: Concept and typology},
	Year = {2013}}

@article{malone2014examining,
	Author = {Malone, John Jack},
	Title = {Examining the rise of right wing populist parties in Western Europe},
	Year = {2014}}

@article{gidron2013varieties,
	Author = {Gidron, Noam and Bonikowski, Bart},
	Title = {Varieties of populism: Literature review and research agenda},
	Year = {2013}}

@book{panizza2005populism,
	Author = {Panizza, Francisco},
	Publisher = {Verso},
	Title = {Populism and the Mirror of Democracy},
	Year = {2005}}

@article{bale2011thrown,
	Author = {Bale, Tim and Van Kessel, Stijn and Taggart, Paul},
	Journal = {Acta Politica},
	Number = {2},
	Pages = {111--131},
	Publisher = {Springer},
	Title = {Thrown around with abandon? Popular understandings of populism as conveyed by the print media: A UK case study},
	Volume = {46},
	Year = {2011}}

@article{mudde2004populist,
	Author = {Mudde, Cas},
	Journal = {Government and opposition},
	Number = {4},
	Pages = {541--563},
	Publisher = {Wiley Online Library},
	Title = {The populist zeitgeist},
	Volume = {39},
	Year = {2004}}

@article{berezin2013normalization,
	Author = {Berezin, Mabel},
	Journal = {Politics in the Age of Austerity},
	Pages = {239--261},
	Publisher = {Polity Press Cambridge},
	Title = {The normalization of the right in post-security Europe},
	Year = {2013}}

@article{roberts2006populism,
	Author = {Roberts, Kenneth M},
	Journal = {Comparative Politics},
	Pages = {127--148},
	Publisher = {JSTOR},
	Title = {Populism, political conflict, and grass-roots organization in Latin America},
	Year = {2006}}

@article{barr2009populists,
	Author = {Barr, Robert R},
	Journal = {Party Politics},
	Number = {1},
	Pages = {29--48},
	Publisher = {SAGE Publications Sage UK: London, England},
	Title = {Populists, outsiders and anti-establishment politics},
	Volume = {15},
	Year = {2009}}

@article{weyland2001clarifying,
	Author = {Weyland, Kurt},
	Journal = {Comparative politics},
	Pages = {1--22},
	Publisher = {JSTOR},
	Title = {Clarifying a contested concept: Populism in the study of Latin American politics},
	Year = {2001}}

@article{acemoglu2013political,
	Author = {Acemoglu, Daron and Egorov, Georgy and Sonin, Konstantin},
	Journal = {The Quarterly Journal of Economics},
	Number = {2},
	Pages = {771--805},
	Publisher = {MIT Press},
	Title = {A political theory of populism},
	Volume = {128},
	Year = {2013}}

@incollection{canovan2002taking,
	Author = {Canovan, Margaret},
	Booktitle = {Democracies and the populist challenge},
	Pages = {25--44},
	Publisher = {Springer},
	Title = {Taking politics to the people: Populism as the ideology of democracy},
	Year = {2002}}

@book{postel2007populist,
	Author = {Postel, Charles},
	Publisher = {Oxford University Press},
	Title = {The populist vision},
	Year = {2007}}

@book{hawkins2010venezuela,
	Author = {Hawkins, Kirk A},
	Publisher = {Cambridge University Press},
	Title = {Venezuela's chavismo and populism in comparative perspective},
	Year = {2010}}

@book{goodliffe2012resurgence,
	Author = {Goodliffe, Gabriel},
	Publisher = {Cambridge University Press},
	Title = {The resurgence of the radical right in France: From Boulangisme to the front national},
	Year = {2012}}

@article{jansen2011populist,
	Author = {Jansen, Robert S},
	Journal = {Sociological Theory},
	Number = {2},
	Pages = {75--96},
	Publisher = {Wiley Online Library},
	Title = {Populist mobilization: A new theoretical approach to populism},
	Volume = {29},
	Year = {2011}}

@book{skocpol2016tea,
	Author = {Skocpol, Theda and Williamson, Vanessa},
	Publisher = {Oxford University Press},
	Title = {The Tea Party and the remaking of Republican conservatism},
	Year = {2016}}

@article{levistky2012populism,
	Author = {Levistky, Steven and Loxton, James},
	Journal = {Populism in Europe and the Americas Threat or Corrective for Democracy, Cambridge University Press, Cambridge},
	Pages = {160--182},
	Title = {Populism and Competitive Authoritarianism: the case of Fujimors's Peru},
	Year = {2012}}

@book{mudde2007populist,
	Author = {Mudde, Cas},
	Number = {8},
	Publisher = {Cambridge University Press Cambridge},
	Title = {Populist radical right parties in Europe},
	Volume = {22},
	Year = {2007}}

@article{ivarsflaten2005vulnerable,
	Author = {Ivarsflaten, Elisabeth},
	Journal = {European Journal of Political Research},
	Number = {3},
	Pages = {465--492},
	Publisher = {Wiley Online Library},
	Title = {The vulnerable populist right parties: No economic realignment fuelling their electoral success},
	Volume = {44},
	Year = {2005}}

@article{van2005some,
	Author = {Van der Brug, Wouter and Fennema, Meindert and Tillie, Jean},
	Journal = {Comparative Political Studies},
	Number = {5},
	Pages = {537--573},
	Publisher = {Sage Publications Sage CA: Thousand Oaks, CA},
	Title = {Why some anti-immigrant parties fail and others succeed: A two-step model of aggregate electoral support},
	Volume = {38},
	Year = {2005}}

@article{lubbers2007euro,
	Author = {Lubbers, Marcel and Scheepers, PLH},
	Publisher = {Leuven; Voorburg: Acco},
	Title = {Euro-scepticism and extreme voting patterns in Europe: Social cleavages and socio-political attitudes determining voting for the far left, the far right and non-voting},
	Year = {2007}}

@article{arzheimer2009christian,
	Author = {Arzheimer, Kai and Carter, Elisabeth},
	Journal = {West European Politics},
	Number = {5},
	Pages = {985--1011},
	Publisher = {Taylor \& Francis},
	Title = {Christian religiosity and voting for West European radical right parties},
	Volume = {32},
	Year = {2009}}

@article{lubbers2008regarding,
	Author = {Lubbers, Marcel},
	Journal = {European Union Politics},
	Number = {1},
	Pages = {59--86},
	Publisher = {Sage Publications Sage UK: London, England},
	Title = {Regarding the DutchNee'to the European Constitution: A Test of the Identity, Utilitarian and Political Approaches to VotingNo'},
	Volume = {9},
	Year = {2008}}

@article{de2009taking,
	Author = {De Vries, Catherine E and Edwards, Erica E},
	Journal = {Party Politics},
	Number = {1},
	Pages = {5--28},
	Publisher = {SAGE Publications Sage UK: London, England},
	Title = {Taking Europe to its extremes: Extremist parties and public Euroscepticism},
	Volume = {15},
	Year = {2009}}

@article{hooghe2005calculation,
	Author = {Hooghe, Liesbet and Marks, Gary},
	Journal = {European Union Politics},
	Number = {4},
	Pages = {419--443},
	Publisher = {Sage Publications Sage CA: Thousand Oaks, CA},
	Title = {Calculation, community and cues: Public opinion on European integration},
	Volume = {6},
	Year = {2005}}

@article{blais2010political,
	Author = {Blais, Andr{\'e}},
	Journal = {Comparing democracies},
	Pages = {165--183},
	Publisher = {Sage London},
	Title = {Political participation},
	Volume = {3},
	Year = {2010}}

@article{brady1995beyond,
	Author = {Brady, Henry E and Verba, Sidney and Schlozman, Kay Lehman},
	Journal = {American Political Science Review},
	Number = {2},
	Pages = {271--294},
	Publisher = {Cambridge University Press},
	Title = {Beyond SES: A resource model of political participation},
	Volume = {89},
	Year = {1995}}

@book{mudde2012populism,
	Author = {Mudde, Cas and Kaltwasser, Crist{\'o}bal Rovira},
	Publisher = {Cambridge University Press},
	Title = {Populism in Europe and the Americas: Threat or corrective for democracy?},
	Year = {2012}}

@article{roberts2007latin,
	Author = {Roberts, Kenneth M},
	Journal = {SAIS Review of International Affairs},
	Number = {1},
	Pages = {3--15},
	Publisher = {The Johns Hopkins University Press},
	Title = {Latin America's populist revival},
	Volume = {27},
	Year = {2007}}

@book{ghita1969populism,
	Author = {Ghita, Ionescu and Gellner, Ernest},
	Title = {Populism: Its Meanings and National Characteristics},
	Year = {1969}}

@article{kaltwasser2014responses,
	Author = {Kaltwasser, Crist{\'o}bal Rovira},
	Journal = {Political Studies},
	Number = {3},
	Pages = {470--487},
	Publisher = {SAGE Publications Sage UK: London, England},
	Title = {The responses of populism to Dahl's democratic dilemmas},
	Volume = {62},
	Year = {2014}}

@book{rosenthal2012steep,
	Author = {Rosenthal, Lawrence and Trost, Christine},
	Publisher = {Univ of California Press},
	Title = {Steep: the precipitous rise of the Tea Party},
	Year = {2012}}

@book{levitsky2013resurgence,
	Author = {Levitsky, Steven and Roberts, Kenneth M},
	Publisher = {JHU Press},
	Title = {The resurgence of the Latin American left},
	Year = {2013}}

@article{arter2010breakthrough,
	Author = {Arter, David},
	Journal = {Government and Opposition},
	Number = {4},
	Pages = {484--504},
	Publisher = {Wiley Online Library},
	Title = {The breakthrough of another West European populist radical right party? The case of the True Finns},
	Volume = {45},
	Year = {2010}}
