%% This BibTeX bibliography file was created using BibDesk.
%% http://bibdesk.sourceforge.net/

%% Created for Rebecca Litauer at 2018-03-16 21:48:04 +0100 


%% Saved with string encoding Unicode (UTF-8) 


@comment{jabref-meta: databaseType:bibtex;}



@article{bartle2017,
	Author = {Bartle, John/Birch, Sarah/Skirmuntt, Mariana },
	Date-Added = {2018-03-16 20:43:38 +0000},
	Date-Modified = {2018-03-16 20:48:02 +0000},
	Journal = {Electoral Studies 48, S. 30-44},
	Title = {The local roots of the participation gap: Inequality and voter turnout},
	Year = {2017}}

@article{easton1965systems,
  title={A systems analysis of political life},
  author={Easton, David},
  year={1965}
}


@book{pauwels2014populism,
  title={Populism in Western Europe: Comparing Belgium, Germany and the Netherlands},
  author={Pauwels, Teun},
  year={2014},
  publisher={Routledge}
}


@article{serani2016,
  title={Explaining vote for populist parties: the impact of the political trust, the economic and the political context},
  author={Serani, Danilo},
  year={2016},
  publisher={Department of Political and Social Sciences, University Pompeu Fabra}
}

@incollection{meny2002constitutive,
  title={The constitutive ambiguity of populism},
  author={M{\'e}ny, Yves and Surel, Yves},
  booktitle={Democracies and the populist challenge},
  pages={1--21},
  year={2002},
  publisher={Springer}
}

@book{abedi2004anti,
  title={Anti-political establishment parties: A comparative analysis},
  author={Abedi, Amir},
  year={2004},
  publisher={Routledge}
}


@article{bosco2012electoral,
  title={Electoral epidemic: the political cost of economic crisis in Southern Europe, 2010--11},
  author={Bosco, Anna and Verney, Susannah},
  journal={South European society and politics},
  volume={17},
  number={2},
  pages={129--154},
  year={2012},
  publisher={Taylor \& Francis}
}

@article{torcal2014decline,
  title={The decline of political trust in Spain and Portugal: economic performance or political responsiveness?},
  author={Torcal, Mariano},
  journal={American Behavioral Scientist},
  volume={58},
  number={12},
  pages={1542--1567},
  year={2014},
  publisher={Sage Publications Sage CA: Los Angeles, CA}
}

@article{armingeon2014democracy,
  title={Democracy in crisis? The declining support for national democracy in European countries, 2007--2011},
  author={Armingeon, Klaus and Guthmann, Kai},
  journal={European Journal of Political Research},
  volume={53},
  number={3},
  pages={423--442},
  year={2014},
  publisher={Wiley Online Library}
}

@book{schwartz1973political,
  title={Political alienation and political behavior},
  author={Schwartz, David C},
  year={1973},
  publisher={Transaction Publishers}
}

@article{ess08,
	Author = {ESS8},
	Date-Added = {2018-03-13 14:09:10 +0000},
	Date-Modified = {2018-03-13 14:15:34 +0000},
	Journal = {Data file edition 1.0.NSD - Norwegian Centre for Research Data, Norway - Data Archive and distributor of ESS data for ESS ERIC.},
	Title = {European Social Survey Round 8 Data},
	Year = {2016}}

@article{coffe2007fertile,
	Author = {Coff{\'e}, Hilde and Heyndels, Bruno and Vermeir, Jan},
	Journal = {Electoral Studies},
	Number = {1},
	Pages = {142--155},
	Publisher = {Elsevier},
	Title = {Fertile grounds for extreme right-wing parties: Explaining the Vlaams Blok's electoral success},
	Volume = {26},
	Year = {2007}}

@article{carter2002proportional,
	Author = {Carter, Elisabeth L},
	Journal = {West European Politics},
	Number = {3},
	Pages = {125--146},
	Publisher = {Taylor \& Francis},
	Title = {Proportional representation and the fortunes of right-wing extremist parties},
	Volume = {25},
	Year = {2002}}

@article{golder2003explaining,
	Author = {Golder, Matt},
	Journal = {Comparative Political Studies},
	Number = {4},
	Pages = {432--466},
	Publisher = {Sage Publications Thousand Oaks, CA},
	Title = {Explaining variation in the success of extreme right parties in Western Europe},
	Volume = {36},
	Year = {2003}}

@book{merkl2014revival,
	Author = {Merkl, Peter H and Weinberg, Leonard},
	Publisher = {Routledge},
	Title = {The Revival of Right Wing Extremism in the Nineties},
	Year = {2014}}

@book{norris2005radical,
  title={Radical right: Voters and parties in the electoral market},
  author={Norris, Pippa},
  year={2005},
  publisher={Cambridge University Press}
}

@book{gijsberts2010,
  title={Integration in Ten Trends.},
  author={Dagevos, J and Gijsberts, M},
  year={2010},
  publisher={The Hague: The Netherlands
Institute for Social Research (SCP)}
}

@article{sniderman2004predisposing,
  title={Predisposing factors and situational triggers: Exclusionary reactions to immigrant minorities},
  author={Sniderman, Paul M and Hagendoorn, Louk and Prior, Markus},
  journal={American political science review},
  volume={98},
  number={1},
  pages={35--49},
  year={2004},
  publisher={Cambridge University Press}
}


@book{haskell2018direct,
  title={Direct democracy or representative government? Dispelling the populist myth},
  author={Haskell, John},
  year={2018},
  publisher={Routledge}
}


@article{golder2003explaining,
  title={Explaining variation in the success of extreme right parties in Western Europe},
  author={Golder, Matt},
  journal={Comparative Political Studies},
  volume={36},
  number={4},
  pages={432--466},
  year={2003},
  publisher={Sage Publications Thousand Oaks, CA}
}


@article{lubbers2002extreme,
	Author = {Lubbers, Marcel and Gijsberts, M{\'e}rove and Scheepers, Peer},
	Journal = {European Journal of Political Research},
	Number = {3},
	Pages = {345--378},
	Publisher = {Wiley Online Library},
	Title = {Extreme right-wing voting in Western Europe},
	Volume = {41},
	Year = {2002}}

@article{kai2008protest,
	Author = {Kai, Arzheimer},
	Journal = {Zeitschrift f{\"u}r vergleichende Politikwissenschaft},
	Number = {2},
	Pages = {173},
	Publisher = {Springer},
	Title = {Protest, neo-liberalism or anti-immigrant sentiment: What motivates the voters of the extreme right in Western Europe?},
	Volume = {2},
	Year = {2008}}

@article{eatwell2000rebirth,
	Author = {Eatwell, Roger},
	Journal = {Parliamentary affairs},
	Number = {3},
	Pages = {407--425},
	Title = {The rebirth of the'extreme right' in Western Europe?},
	Volume = {53},
	Year = {2000}}

@article{buhl06,
	Author = {B{\"u}hlmann, Marc and Freitag, Markus},
	Date-Modified = {2018-03-10 14:26:25 +0000},
	Journal = {Swiss Political Science Review},
	Number = {4},
	Pages = {13--47},
	Publisher = {Wiley Online Library},
	Title = {Individual and contextual determinants of electoral participation},
	Volume = {12},
	Year = {2006}}

@misc{shineman2012isolating,
	Author = {Shineman, Victoria},
	Title = {Isolating the Effects of Electoral Participation on Political Efficacy and Political Trust},
	Year = {2012}}

@article{morrell2005deliberation,
	Author = {Morrell, Michael E},
	Journal = {Political Behavior},
	Number = {1},
	Pages = {49--69},
	Publisher = {Springer},
	Title = {Deliberation, democratic decision-making and internal political efficacy},
	Volume = {27},
	Year = {2005}}

@article{green2000habit,
	Author = {Green, Donald P and Shachar, Ron},
	Journal = {British Journal of Political Science},
	Number = {4},
	Pages = {561--573},
	Publisher = {Cambridge University Press},
	Title = {Habit formation and political behaviour: Evidence of consuetude in voter turnout},
	Volume = {30},
	Year = {2000}}

@article{arzheimer2006political,
	Author = {Arzheimer, Kai and Carter, Elisabeth},
	Journal = {European Journal of Political Research},
	Number = {3},
	Pages = {419--443},
	Publisher = {Wiley Online Library},
	Title = {Political opportunity structures and right-wing extremist party success},
	Volume = {45},
	Year = {2006}}

@book{art2011inside,
	Author = {Arter, David},
	Date-Modified = {2018-03-15 11:44:49 +0000},
	Publisher = {Cambridge University Press},
	Title = {Inside the radical right: The development of anti-immigrant parties in Western Europe},
	Year = {2011}}

@article{lubbers2002extreme,
	Author = {Lubbers, Marcel and Gijsberts, M{\'e}rove and Scheepers, Peer},
	Journal = {European Journal of Political Research},
	Number = {3},
	Pages = {345--378},
	Publisher = {Wiley Online Library},
	Title = {Extreme right-wing voting in Western Europe},
	Volume = {41},
	Year = {2002}}

@book{barber2003strong,
  title={Strong democracy: Participatory politics for a new age},
  author={Barber, Benjamin},
  year={2003},
  publisher={Univ of California Press}
}


@article{phillips1996arrogant,
  title={Arrogant Capital: Washington},
  author={Phillips, Kevin},
  journal={Wall Street and the Frustration of American Politics, Little, Brown and Company, New York},
  year={1996}
}

@book{dahl1989democracy,
  title={Democracy and its Critics},
  author={Dahl, Robert Alan},
  year={1989},
  publisher={Yale University Press}
}

@book{fishkin1997voice,
  title={The voice of the people: Public opinion and democracy},
  author={Fishkin, James S},
  year={1997},
  publisher={Yale university press}
}


@article{werts2013euro,
	Author = {Werts, Han and Scheepers, Peer and Lubbers, Marcel},
	Journal = {European Union Politics},
	Number = {2},
	Pages = {183--205},
	Publisher = {Sage Publications Sage UK: London, England},
	Title = {Euro-scepticism and radical right-wing voting in Europe, 2002--2008: Social cleavages, socio-political attitudes and contextual characteristics determining voting for the radical right},
	Volume = {14},
	Year = {2013}}

@article{ivarsflaten2008unites,
	Author = {Ivarsflaten, Elisabeth},
	Journal = {Comparative Political Studies},
	Number = {1},
	Pages = {3--23},
	Publisher = {Sage Publications Sage CA: Los Angeles, CA},
	Title = {What unites right-wing populists in Western Europe? Re-examining grievance mobilization models in seven successful cases},
	Volume = {41},
	Year = {2008}}

@article{jackman1996conditions,
  title={Conditions favouring parties of the extreme right in Western Europe},
  author={Jackman, Robert W and Volpert, Karin},
  journal={British Journal of Political Science},
  volume={26},
  number={4},
  pages={501--521},
  year={1996},
  publisher={Cambridge University Press}
}


@inproceedings{jesuit2004immigration,
  title={Immigration, economic well-being and support for extreme right parties in Western European regions},
  author={Jesuit, David and Mahler, Vincent},
  booktitle={conference Immigration in a Cross-National Context: What are the Implications for Europe},
  pages={20--22},
  year={2004}
}

@article{sniderman2004predisposing,
  title={Predisposing factors and situational triggers: Exclusionary reactions to immigrant minorities},
  author={Sniderman, Paul M and Hagendoorn, Louk and Prior, Markus},
  journal={American political science review},
  volume={98},
  number={1},
  pages={35--49},
  year={2004},
  publisher={Cambridge University Press}
}

@article{oesch2008explaining,
	Author = {Oesch, Daniel},
	Journal = {International Political Science Review},
	Number = {3},
	Pages = {349--373},
	Publisher = {Sage Publications Sage UK: London, England},
	Title = {Explaining workers' support for right-wing populist parties in Western Europe: Evidence from Austria, Belgium, France, Norway, and Switzerland},
	Volume = {29},
	Year = {2008}}

@article{rooduijn2016expressing,
	Author = {Rooduijn, Matthijs and Van Der Brug, Wouter and De Lange, Sarah L},
	Journal = {Electoral Studies},
	Pages = {32--40},
	Publisher = {Elsevier},
	Title = {Expressing or fuelling discontent? The relationship between populist voting and political discontent},
	Volume = {43},
	Year = {2016}}

@article{spruyt2016supports,
	Author = {Spruyt, Bram and Keppens, Gil and Van Droogenbroeck, Filip},
	Journal = {Political Research Quarterly},
	Number = {2},
	Pages = {335--346},
	Publisher = {SAGE Publications Sage CA: Los Angeles, CA},
	Title = {Who supports populism and what attracts people to it?},
	Volume = {69},
	Year = {2016}}

@article{norris2005demonstrates,
	Author = {Norris, Pippa and Walgrave, Stefaan and Van Aelst, Peter},
	Journal = {Comparative politics},
	Pages = {189--205},
	Publisher = {JSTOR},
	Title = {Who demonstrates? Antistate rebels, conventional participants, or everyone?},
	Year = {2005}}

@article{mendelsohn2000effect,
	Author = {Mendelsohn, Matthew and Cutler, Fred},
	Journal = {British Journal of Political Science},
	Number = {4},
	Pages = {669--698},
	Publisher = {Cambridge University Press},
	Title = {The effect of referendums on democratic citizens: Information, politicization, efficacy and tolerance},
	Volume = {30},
	Year = {2000}}

@article{bale2010if,
	Author = {Bale, Tim and Green-Pedersen, Christoffer and Krouwel, Andr{\'e}A and Luther, Kurt Richard and Sitter, Nick},
	Journal = {Political studies},
	Number = {3},
	Pages = {410--426},
	Publisher = {SAGE Publications Sage UK: London, England},
	Title = {If you can't beat them, join them? Explaining social democratic responses to the challenge from the populist radical right in Western Europe},
	Volume = {58},
	Year = {2010}}

@article{lee2010perceptual,
	Author = {Lee, Francis LF},
	Journal = {International Journal of Public Opinion Research},
	Number = {3},
	Pages = {392--411},
	Publisher = {Oxford University Press},
	Title = {The perceptual bases of collective efficacy and protest participation: The case of pro-democracy protests in Hong Kong},
	Volume = {22},
	Year = {2010}}

@article{valentino2009efficacy,
	Author = {Valentino, Nicholas A and Gregorowicz, Krysha and Groenendyk, Eric W},
	Journal = {Political Behavior},
	Number = {3},
	Pages = {307},
	Publisher = {Springer},
	Title = {Efficacy, emotions and the habit of participation},
	Volume = {31},
	Year = {2009}}

@article{norris2006does,
	Author = {Norris, Pippa and Walgrave, Stefaan and Van Aelst, Peter},
	Journal = {Political Dissatisfaction in Contemporary Democracies},
	Pages = {279--309},
	Publisher = {Routledge London and New York},
	Title = {Does protest signify dissatisfaction? Demonstrators in a postindustrial democracy},
	Year = {2006}}

@article{anderson2006learning,
	Author = {Anderson, Christopher J and Mendes, Silvia M},
	Journal = {British Journal of Political Science},
	Number = {1},
	Pages = {91--111},
	Publisher = {Cambridge University Press},
	Title = {Learning to lose: Election outcomes, democratic experience and political protest potential},
	Volume = {36},
	Year = {2006}}

@article{grasso2016protest,
	Author = {Grasso, Maria T and Giugni, Marco},
	Journal = {European Journal of Political Research},
	Number = {4},
	Pages = {663--680},
	Publisher = {Wiley Online Library},
	Title = {Protest participation and economic crisis: The conditioning role of political opportunities},
	Volume = {55},
	Year = {2016}}



@book{mudde2017populism,
	Author = {Mudde, Cas and Kaltwasser, Crist{\'o}bal Rovira},
	Publisher = {Oxford University Press},
	Title = {Populism: A very short introduction},
	Year = {2017}}

@book{mudde2007populist,
	Author = {Mudde, Cas},
	Number = {8},
	Publisher = {Cambridge University Press Cambridge},
	Title = {Populist radical right parties in Europe},
	Volume = {22},
	Year = {2007}}

@article{taggart2000populism,
	Author = {Taggart, Paul},
	Journal = {Philadelphia: Open},
	Title = {Populism. Concepts in the social sciences},
	Year = {2000}}

@article{pelinka2013right,
	Author = {Pelinka, Anton},
	Journal = {Right-wing populism in Europe: politics and discourse},
	Pages = {3--22},
	Publisher = {Bloomsbury London},
	Title = {Right-wing populism: Concept and typology},
	Year = {2013}}

@article{malone2014examining,
	Author = {Malone, John Jack},
	Title = {Examining the rise of right wing populist parties in Western Europe},
	Year = {2014}}

@article{gidron2013varieties,
	Author = {Gidron, Noam and Bonikowski, Bart},
	Title = {Varieties of populism: Literature review and research agenda},
	Year = {2013}}

@book{panizza2005populism,
	Author = {Panizza, Francisco},
	Publisher = {Verso},
	Title = {Populism and the Mirror of Democracy},
	Year = {2005}}

@article{bale2011thrown,
	Author = {Bale, Tim and Van Kessel, Stijn and Taggart, Paul},
	Journal = {Acta Politica},
	Number = {2},
	Pages = {111--131},
	Publisher = {Springer},
	Title = {Thrown around with abandon? Popular understandings of populism as conveyed by the print media: A UK case study},
	Volume = {46},
	Year = {2011}}

@article{mudde2004populist,
	Author = {Mudde, Cas},
	Journal = {Government and opposition},
	Number = {4},
	Pages = {541--563},
	Publisher = {Wiley Online Library},
	Title = {The populist zeitgeist},
	Volume = {39},
	Year = {2004}}

@article{berezin2013normalization,
	Author = {Berezin, Mabel},
	Journal = {Politics in the Age of Austerity},
	Pages = {239--261},
	Publisher = {Polity Press Cambridge},
	Title = {The normalization of the right in post-security Europe},
	Year = {2013}}

@article{roberts2006populism,
	Author = {Roberts, Kenneth M},
	Journal = {Comparative Politics},
	Pages = {127--148},
	Publisher = {JSTOR},
	Title = {Populism, political conflict, and grass-roots organization in Latin America},
	Year = {2006}}

@article{barr2009populists,
	Author = {Barr, Robert R},
	Journal = {Party Politics},
	Number = {1},
	Pages = {29--48},
	Publisher = {SAGE Publications Sage UK: London, England},
	Title = {Populists, outsiders and anti-establishment politics},
	Volume = {15},
	Year = {2009}}

@article{weyland2001clarifying,
	Author = {Weyland, Kurt},
	Journal = {Comparative politics},
	Pages = {1--22},
	Publisher = {JSTOR},
	Title = {Clarifying a contested concept: Populism in the study of Latin American politics},
	Year = {2001}}

@article{acemoglu2013political,
	Author = {Acemoglu, Daron and Egorov, Georgy and Sonin, Konstantin},
	Journal = {The Quarterly Journal of Economics},
	Number = {2},
	Pages = {771--805},
	Publisher = {MIT Press},
	Title = {A political theory of populism},
	Volume = {128},
	Year = {2013}}

@incollection{canovan2002taking,
	Author = {Canovan, Margaret},
	Booktitle = {Democracies and the populist challenge},
	Pages = {25--44},
	Publisher = {Springer},
	Title = {Taking politics to the people: Populism as the ideology of democracy},
	Year = {2002}}

@book{postel2007populist,
	Author = {Postel, Charles},
	Publisher = {Oxford University Press},
	Title = {The populist vision},
	Year = {2007}}

@book{hawkins2010venezuela,
	Author = {Hawkins, Kirk A},
	Publisher = {Cambridge University Press},
	Title = {Venezuela's chavismo and populism in comparative perspective},
	Year = {2010}}

@book{goodliffe2012resurgence,
	Author = {Goodliffe, Gabriel},
	Publisher = {Cambridge University Press},
	Title = {The resurgence of the radical right in France: From Boulangisme to the front national},
	Year = {2012}}

@article{jansen2011populist,
	Author = {Jansen, Robert S},
	Journal = {Sociological Theory},
	Number = {2},
	Pages = {75--96},
	Publisher = {Wiley Online Library},
	Title = {Populist mobilization: A new theoretical approach to populism},
	Volume = {29},
	Year = {2011}}

@book{skocpol2016tea,
	Author = {Skocpol, Theda and Williamson, Vanessa},
	Publisher = {Oxford University Press},
	Title = {The Tea Party and the remaking of Republican conservatism},
	Year = {2016}}

@article{levistky2012populism,
	Author = {Levistky, Steven and Loxton, James},
	Journal = {Populism in Europe and the Americas Threat or Corrective for Democracy, Cambridge University Press, Cambridge},
	Pages = {160--182},
	Title = {Populism and Competitive Authoritarianism: the case of Fujimors's Peru},
	Year = {2012}}

@book{mudde2007populist,
	Author = {Mudde, Cas},
	Number = {8},
	Publisher = {Cambridge University Press Cambridge},
	Title = {Populist radical right parties in Europe},
	Volume = {22},
	Year = {2007}}

@article{ivarsflaten2005vulnerable,
	Author = {Ivarsflaten, Elisabeth},
	Journal = {European Journal of Political Research},
	Number = {3},
	Pages = {465--492},
	Publisher = {Wiley Online Library},
	Title = {The vulnerable populist right parties: No economic realignment fuelling their electoral success},
	Volume = {44},
	Year = {2005}}

@article{van2005some,
	Author = {Van der Brug, Wouter and Fennema, Meindert and Tillie, Jean},
	Journal = {Comparative Political Studies},
	Number = {5},
	Pages = {537--573},
	Publisher = {Sage Publications Sage CA: Thousand Oaks, CA},
	Title = {Why some anti-immigrant parties fail and others succeed: A two-step model of aggregate electoral support},
	Volume = {38},
	Year = {2005}}

@article{lubbers2007euro,
	Author = {Lubbers, Marcel and Scheepers, PLH},
	Publisher = {Leuven; Voorburg: Acco},
	Title = {Euro-scepticism and extreme voting patterns in Europe: Social cleavages and socio-political attitudes determining voting for the far left, the far right and non-voting},
	Year = {2007}}

@article{arzheimer2009christian,
	Author = {Arzheimer, Kai and Carter, Elisabeth},
	Journal = {West European Politics},
	Number = {5},
	Pages = {985--1011},
	Publisher = {Taylor \& Francis},
	Title = {Christian religiosity and voting for West European radical right parties},
	Volume = {32},
	Year = {2009}}

@article{lubbers2008regarding,
	Author = {Lubbers, Marcel},
	Journal = {European Union Politics},
	Number = {1},
	Pages = {59--86},
	Publisher = {Sage Publications Sage UK: London, England},
	Title = {Regarding the DutchNee'to the European Constitution: A Test of the Identity, Utilitarian and Political Approaches to VotingNo'},
	Volume = {9},
	Year = {2008}}

@article{de2009taking,
	Author = {De Vries, Catherine E and Edwards, Erica E},
	Journal = {Party Politics},
	Number = {1},
	Pages = {5--28},
	Publisher = {SAGE Publications Sage UK: London, England},
	Title = {Taking Europe to its extremes: Extremist parties and public Euroscepticism},
	Volume = {15},
	Year = {2009}}

@article{hooghe2005calculation,
	Author = {Hooghe, Liesbet and Marks, Gary},
	Journal = {European Union Politics},
	Number = {4},
	Pages = {419--443},
	Publisher = {Sage Publications Sage CA: Thousand Oaks, CA},
	Title = {Calculation, community and cues: Public opinion on European integration},
	Volume = {6},
	Year = {2005}}

@article{blais2010political,
	Author = {Blais, Andr{\'e}},
	Journal = {Comparing democracies},
	Pages = {165--183},
	Publisher = {Sage London},
	Title = {Political participation},
	Volume = {3},
	Year = {2010}}

@article{brady1995beyond,
	Author = {Brady, Henry E and Verba, Sidney and Schlozman, Kay Lehman},
	Journal = {American Political Science Review},
	Number = {2},
	Pages = {271--294},
	Publisher = {Cambridge University Press},
	Title = {Beyond SES: A resource model of political participation},
	Volume = {89},
	Year = {1995}}

@book{mudde2012populism,
	Author = {Mudde, Cas and Kaltwasser, Crist{\'o}bal Rovira},
	Publisher = {Cambridge University Press},
	Title = {Populism in Europe and the Americas: Threat or corrective for democracy?},
	Year = {2012}}

@article{roberts2007latin,
	Author = {Roberts, Kenneth M},
	Journal = {SAIS Review of International Affairs},
	Number = {1},
	Pages = {3--15},
	Publisher = {The Johns Hopkins University Press},
	Title = {Latin America's populist revival},
	Volume = {27},
	Year = {2007}}

@book{ghita1969populism,
	Author = {Ghita, Ionescu and Gellner, Ernest},
	Title = {Populism: Its Meanings and National Characteristics},
	Year = {1969}}

@article{kaltwasser2014responses,
	Author = {Kaltwasser, Crist{\'o}bal Rovira},
	Journal = {Political Studies},
	Number = {3},
	Pages = {470--487},
	Publisher = {SAGE Publications Sage UK: London, England},
	Title = {The responses of populism to Dahl's democratic dilemmas},
	Volume = {62},
	Year = {2014}}

@book{rosenthal2012steep,
	Author = {Rosenthal, Lawrence and Trost, Christine},
	Publisher = {Univ of California Press},
	Title = {Steep: the precipitous rise of the Tea Party},
	Year = {2012}}

@book{levitsky2013resurgence,
	Author = {Levitsky, Steven and Roberts, Kenneth M},
	Publisher = {JHU Press},
	Title = {The resurgence of the Latin American left},
	Year = {2013}}

@article{arter2010breakthrough,
	Author = {Arter, David},
	Journal = {Government and Opposition},
	Number = {4},
	Pages = {484--504},
	Publisher = {Wiley Online Library},
	Title = {The breakthrough of another West European populist radical right party? The case of the True Finns},
	Volume = {45},
	Year = {2010}}

@article{husbands1996racism,
  title={Racism, xenophobia and the extreme right: A five country assessment},
  author={Husbands, C},
  journal={Racism Xenophobia and Ethnic Conflict. Indicator, Durban},
  pages={97--118},
  year={1996}
}


@article{husbands1988dynamics,
  title={The dynamics of racial exclusion and expulsion: racist politics in western Europe},
  author={Husbands, Christopher T},
  journal={European Journal of Political Research},
  volume={16},
  number={6},
  pages={701--720},
  year={1988},
  publisher={Wiley Online Library}
}

@book{husbands2013racial,
  title={Racial exclusionism and the city: the urban support of the National Front},
  author={Husbands, Christopher T},
  year={2013},
  publisher={Routledge}
}

@article{van2000anti,
  title={Anti-immigrant parties in Europe: Ideological or protest vote?},
  author={Van der Brug, Wouter and Fennema, Meindert and Tillie, Jean},
  journal={European Journal of Political Research},
  volume={37},
  number={1},
  pages={77--102},
  year={2000},
  publisher={Wiley Online Library}
}

@book{kitschelt1997radical,
  title={The radical right in Western Europe: A comparative analysis},
  author={Kitschelt, Herbert and McGann, Anthony J},
  year={1997},
  publisher={University of Michigan Press}
}

@article{eatwell1998dynamics,
  title={The dynamics of right-wing electoral breakthrough},
  author={Eatwell, Roger},
  journal={Patterns of Prejudice},
  volume={32},
  number={3},
  pages={3--31},
  year={1998},
  publisher={Taylor \& Francis}
}

@article{van2000anti,
  title={Anti-immigrant parties in Europe: Ideological or protest vote?},
  author={Van der Brug, Wouter and Fennema, Meindert and Tillie, Jean},
  journal={European Journal of Political Research},
  volume={37},
  number={1},
  pages={77--102},
  year={2000},
  publisher={Wiley Online Library}
}


@article{ivarsflaten2005vulnerable,
  title={The vulnerable populist right parties: No economic realignment fuelling their electoral success},
  author={Ivarsflaten, Elisabeth},
  journal={European Journal of Political Research},
  volume={44},
  number={3},
  pages={465--492},
  year={2005},
  publisher={Wiley Online Library}
}

@article{buhlmann2006individual,
  title={Individual and contextual determinants of electoral participation},
  author={B{\"u}hlmann, Marc and Freitag, Markus},
  journal={Swiss Political Science Review},
  volume={12},
  number={4},
  pages={13--47},
  year={2006},
  publisher={Wiley Online Library}
}

@article{rydgren2005extreme,
  title={Is extreme right-wing populism contagious? Explaining the emergence of a new party family},
  author={Rydgren, Jens},
  journal={European journal of political research},
  volume={44},
  number={3},
  pages={413--437},
  year={2005},
  publisher={Wiley Online Library}
}

@article{betz1993new,
  title={The new politics of resentment: radical right-wing populist parties in Western Europe},
  author={Betz, Hans-George},
  journal={Comparative Politics},
  pages={413--427},
  year={1993},
  publisher={JSTOR}
}

@article{semyonov2008foreigners,
  title={Foreigners' impact on European societies: public views and perceptions in a cross-national comparative perspective},
  author={Semyonov, Moshe and Raijman, Rebeca and Gorodzeisky, Anastasia},
  journal={International Journal of Comparative Sociology},
  volume={49},
  number={1},
  pages={5--29},
  year={2008},
  publisher={Sage Publications Sage UK: London, England}
}

@article{jackman1996conditions,
  title={Conditions favouring parties of the extreme right in Western Europe},
  author={Jackman, Robert W and Volpert, Karin},
  journal={British Journal of Political Science},
  volume={26},
  number={4},
  pages={501--521},
  year={1996},
  publisher={Cambridge University Press}
}

@article{knigge1998ecological,
  title={The ecological correlates of right-wing extremism in Western Europe},
  author={Knigge, Pia},
  journal={European Journal of Political Research},
  volume={34},
  number={2},
  pages={249--279},
  year={1998},
  publisher={Springer}
}


@book{kitschelt2001politische,
  title={Politische Konfliktlinien in westlichen Demokratien: Ethnisch-kulturelle und wirtschaftliche Verteilungskonflikte},
  author={Kitschelt, Herbert},
  year={2001},
  publisher={na}
}

@article{heinisch2003success,
  title={Success in opposition--failure in government: explaining the performance of right-wing populist parties in public office},
  author={Heinisch, Reinhard},
  journal={West European Politics},
  volume={26},
  number={3},
  pages={91--130},
  year={2003},
  publisher={Taylor \& Francis}
}


@article{swank2003globalization,
  title={Globalization, the welfare state and right-wing populism in Western Europe},
  author={Swank, Duane and Betz, Hans-Georg},
  journal={Socio-Economic Review},
  volume={1},
  number={2},
  pages={215--245},
  year={2003},
  publisher={Oxford University Press}
}

@book{flecker2007potentials,
  title={Potentials of political subjectivity and the various approaches to the extreme right: Findings of the qualitative research},
  author={Flecker, J{\"o}rg and Hentges, Gudrun and Balazs, Gabrielle},
  year={2007},
  publisher={na}
}

@article{zaslove2009populist,
  title={The populist radical right: Ideology, party families and core principles},
  author={Zaslove, Andrej},
  journal={Political Studies Review},
  volume={7},
  number={3},
  pages={309--318},
  year={2009},
  publisher={Wiley Online Library}
}

@article{werts2013euro,
  title={Euro-scepticism and radical right-wing voting in Europe, 2002--2008: Social cleavages, socio-political attitudes and contextual characteristics determining voting for the radical right},
  author={Werts, Han and Scheepers, Peer and Lubbers, Marcel},
  journal={European Union Politics},
  volume={14},
  number={2},
  pages={183--205},
  year={2013},
  publisher={Sage Publications Sage UK: London, England}
}

@article{dassonneville2012electoral,
  title={Electoral volatility, political sophistication, trust and efficacy: A study on changes in voter preferences during the Belgian regional elections of 2009},
  author={Dassonneville, Ruth},
  journal={Acta Politica},
  volume={47},
  number={1},
  pages={18--41},
  year={2012},
  publisher={Springer}
}

@article{dalton2005public,
  title={Public images of political parties: A necessary evil?},
  author={Dalton, Russell J and Weldon, Steven A},
  journal={West European Politics},
  volume={28},
  number={5},
  pages={931--951},
  year={2005},
  publisher={Taylor \& Francis}
}


@article{fiorina2002parties,
  title={Parties and partisanship: A 40-year retrospective},
  author={Fiorina, Morris P},
  journal={Political Behavior},
  volume={24},
  number={2},
  pages={93--115},
  year={2002},
  publisher={Springer}
}

@book{torcal2006political,
  title={Political disaffection in contemporary democracies: social capital, institutions and politics},
  author={Torcal, Mariano and Montero, Jos{\'e} Ram{\'o}n},
  year={2006},
  publisher={Routledge}
}

@book{verba1995voice,
  title={Voice and equality: Civic voluntarism in American politics},
  author={Verba, Sidney and Schlozman, Kay Lehman and Brady, Henry E},
  year={1995},
  publisher={Harvard University Press}
}

@book{verba1987participation,
  title={Participation in America: Political democracy and social equality},
  author={Verba, Sidney and Nie, Norman H},
  year={1987},
  publisher={University of Chicago Press}
}

@article{bandura1977self,
  title={Self-efficacy: toward a unifying theory of behavioral change.},
  author={Bandura, Albert},
  journal={Psychological review},
  volume={84},
  number={2},
  pages={191},
  year={1977},
  publisher={American Psychological Association}
}


@article{valentino2009efficacy,
  title={Efficacy, emotions and the habit of participation},
  author={Valentino, Nicholas A and Gregorowicz, Krysha and Groenendyk, Eric W},
  journal={Political Behavior},
  volume={31},
  number={3},
  pages={307},
  year={2009},
  publisher={Springer}
}

@article{lubbers2007voting,
  title={Voting LPF: Stratification and the varying importance of attitudes},
  author={Lubbers, Marcel and G{\"u}veli, Ayse},
  journal={Journal of Elections, Public Opinion and Parties},
  volume={17},
  number={1},
  pages={21--47},
  year={2007},
  publisher={Taylor \& Francis}
}

@book{verba1995voice,
  title={Voice and equality: Civic voluntarism in American politics},
  author={Verba, Sidney and Schlozman, Kay Lehman and Brady, Henry E},
  year={1995},
  publisher={Harvard University Press}
}

@article{kenski2006connections,
  title={Connections between Internet use and political efficacy, knowledge, and participation},
  author={Kenski, Kate and Stroud, Natalie Jomini},
  journal={Journal of broadcasting \& electronic media},
  volume={50},
  number={2},
  pages={173--192},
  year={2006},
  publisher={Taylor \& Francis}
}


@article{morrell2005deliberation,
  title={Deliberation, democratic decision-making and internal political efficacy},
  author={Morrell, Michael E},
  journal={Political Behavior},
  volume={27},
  number={1},
  pages={49--69},
  year={2005},
  publisher={Springer}
}
