@Article{mclust,
  title = {{mclust} 5: clustering, classification and density estimation using {G}aussian finite mixture models},
  author = {Luca Scrucca and Michael Fop and Thomas Brendan Murphy and Adrian E. Raftery},
  journal = {The {R} Journal},
  year = {2016},
  volume = {8},
  number = {1},
  pages = {205--233},
}
  
@article{mclust_pol1,
  title={Model-based clustering and typologies in the social sciences},
  author={Ahlquist, John S and Breunig, Christian},
  journal={Political Analysis},
  volume={20},
  number={1},
  pages={92--112},
  year={2012},
  publisher={Oxford University Press}
}  
  
@article{mclust_pol2,
  title={Model-Based Cluster Analysis of Democracies.},
  author={Jang, Jaewon and Hitchcock, David B},
  journal={Journal of Data Science},
  volume={10},
  year={2012}
}

@book{kassambara2017practical,
  title={Practical Guide to Cluster Analysis in R: Unsupervised Machine Learning},
  author={Kassambara, Alboukadel},
  volume={1},
  year={2017},
  publisher={STHDA}
}

@article{vdem2017,
  title={V-Dem Dataset v7},
  author={Coppedge, Michael and Gerring, John and Lindberg, Staffan I and Skaaning, Svend-Erik and Teorell, Jan and Altman, David and Bernhard, Michael and Fish, M Steven and Glynn, Adam and Hicken, Allen and others},
  year={2017}
}

@article{ches2014,
  title={Chapel Hill expert survey},
  author={Bakker, Ryan and Edwards, Erica and Hooghe, Liesbet and Jolly, Seth and Marks, Gary and Polk, Jonathan and Vachudova, M},
  journal={Chapel Hill, NC: University of North Carolina, Chapel Hill. Retrieved from chesdata. eu},
  year={2014}
}

@article{ess2016,
  title={European Social Survey Round 8 Data (2016). Data file edition 1.0.},
  author={{ESS Team}},
  journal={Norwegian Centre for Research Data, Norway},
  year={2016}
}

@article{steenbergen02,
	Author = {Marco R. Steenbergen and Bradford S. Jones},
	Journal = {AJPS},
	Pages = {218-237},
	Title = {Modeling Multilevel Data Structures},
	Year = {2002}}

@book{gelman07,
	Author = {Andrew Gelman and Jennifer Hill},
	Publisher = {Cambridge University Press},
	Title = {Data Analysis Using Regression and Multilevel/ Hierarchical Models},
	Year = {2007}}

@article{shikano14,
	Author = {Elff, Martin and Shikano, Susumu},
	Journal = {Paper presented at the the 4th Annual General Conference of the European Political Science Association, Edinburgh},
	Year = {2014}}